<record><leader>00000cas a2200000 a 4500</leader><controlfield tag="001">10819090</controlfield><controlfield tag="008">840608d18731880vtuwr ne      0    0eng d</controlfield><datafield ind1=" " ind2=" " tag="010"><subfield code="a">sn 84023243 </subfield></datafield><datafield ind1=" " ind2=" " tag="040"><subfield code="a">AQM</subfield><subfield code="b">eng</subfield><subfield code="c">AQM</subfield><subfield code="d">NPX</subfield><subfield code="d">MGN</subfield><subfield code="d">NVN</subfield><subfield code="d">OCLCF</subfield><subfield code="d">OCLCO</subfield></datafield><datafield ind1="1" ind2=" " tag="029"><subfield code="a">AU@</subfield><subfield code="b">000025821519</subfield></datafield><datafield ind1=" " ind2=" " tag="042"><subfield code="a">msc</subfield></datafield><datafield ind1=" " ind2=" " tag="043"><subfield code="a">n-us-vt</subfield></datafield><datafield ind1="0" ind2=" " tag="130"><subfield code="a">St. Albans weekly messenger (Saint Albans, Vt. : 1873)</subfield></datafield><datafield ind1="0" ind2="0" tag="245"><subfield code="a">St. Albans weekly messenger.</subfield></datafield><datafield ind1="3" ind2=" " tag="246"><subfield code="a">Saint Albans weekly messenger</subfield></datafield><datafield ind1="1" ind2="7" tag="246"><subfield code="a">St. Albans weekly messenger and advertiser</subfield></datafield><datafield ind1="1" ind2="3" tag="246"><subfield code="a">St. Albans messenger and transcript</subfield></datafield><datafield ind1="1" ind2="3" tag="246"><subfield code="a">St. Albans messenger</subfield></datafield><datafield ind1="1" ind2="3" tag="246"><subfield code="a">Weekly messenger</subfield></datafield><datafield ind1="1" ind2="3" tag="246"><subfield code="a">Weekly messenger and advertiser</subfield></datafield><datafield ind1="1" ind2="3" tag="246"><subfield code="a">Evening messenger and advertiser</subfield></datafield><datafield ind1=" " ind2=" " tag="260"><subfield code="a">St. Albans [Vt.] :</subfield><subfield code="b">Albert Clarke,</subfield></datafield><datafield ind1=" " ind2=" " tag="300"><subfield code="a">v.</subfield></datafield><datafield ind1=" " ind2=" " tag="310"><subfield code="a">Weekly</subfield></datafield><datafield ind1="0" ind2=" " tag="362"><subfield code="a">Vol. 36, no. 42 (Oct. 3, 1873).</subfield></datafield><datafield ind1="1" ind2=" " tag="362"><subfield code="a">Ceased in 1880.</subfield></datafield><datafield ind1=" " ind2=" " tag="500"><subfield code="a">Publishers: S. Pettengill; A. Long; W. Gibbs; G. Childs; F. Greene.</subfield></datafield><datafield ind1=" " ind2=" " tag="580"><subfield code="a">Merged with: St. Albans advertiser (Saint Albans, Vt. : Semiweekly) to form: Messenger and advertiser (Saint Albans, Vt. : Weekly).</subfield></datafield><datafield ind1=" " ind2="0" tag="651"><subfield code="a">Saint Albans (Vt.)</subfield><subfield code="v">Newspapers.</subfield></datafield><datafield ind1=" " ind2="0" tag="651"><subfield code="a">Vermont</subfield><subfield code="v">Newspapers.</subfield></datafield><datafield ind1=" " ind2="7" tag="655"><subfield code="a">Newspapers.</subfield><subfield code="2">fast</subfield><subfield code="0">(OCoLC)fst01423814</subfield></datafield><datafield ind1=" " ind2="7" tag="651"><subfield code="a">Vermont.</subfield><subfield code="2">fast</subfield><subfield code="0">(OCoLC)fst01204305</subfield></datafield><datafield ind1=" " ind2="7" tag="651"><subfield code="a">Vermont</subfield><subfield code="z">Saint Albans.</subfield><subfield code="2">fast</subfield><subfield code="0">(OCoLC)fst01222426</subfield></datafield><datafield ind1=" " ind2=" " tag="752"><subfield code="a">United States</subfield><subfield code="b">Vermont</subfield><subfield code="c">Franklin</subfield><subfield code="d">Saint Albans.</subfield></datafield><datafield ind1="0" ind2=" " tag="775"><subfield code="t">St. Albans daily messenger (Saint Albans, Vt. : 1863)</subfield><subfield code="w">(DLC)sn 84023244</subfield><subfield code="w">(OCoLC)10818968</subfield></datafield><datafield ind1="0" ind2=" " tag="775"><subfield code="t">St. Albans daily advertiser (DLC)sn 85033132</subfield><subfield code="w">(OCoLC)11693468</subfield></datafield><datafield ind1="0" ind2=" " tag="775"><subfield code="t">St. Albans advertiser (Saint Albans, Vt. : Daily)</subfield><subfield code="w">(DLC)sn 92056745</subfield><subfield code="w">(OCoLC)26368592</subfield></datafield><datafield ind1="0" ind2=" " tag="775"><subfield code="t">Daily advertiser (Saint Albans, Vt. : 1879)</subfield><subfield code="w">(DLC)sn 92056746</subfield><subfield code="w">(OCoLC)26368625</subfield></datafield><datafield ind1="0" ind2=" " tag="775"><subfield code="t">St. Albans semi-weekly advertiser</subfield><subfield code="w">(DLC)sn 84023245</subfield><subfield code="w">(OCoLC)10847131</subfield></datafield><datafield ind1="0" ind2="0" tag="780"><subfield code="t">St. Albans weekly messenger and transcript</subfield><subfield code="w">(DLC)sn 85033224</subfield><subfield code="w">(OCoLC)11774216</subfield></datafield><datafield ind1="1" ind2="7" tag="785"><subfield code="t">St. Albans advertiser (Saint Albans, Vt. : Semiweekly)</subfield><subfield code="w">(DLC)sn 92056744</subfield><subfield code="w">(OCoLC)26368553</subfield></datafield><datafield ind1="1" ind2="7" tag="785"><subfield code="t">Messenger and advertiser (Saint Albans, Vt. : Weekly)</subfield></datafield></record>